<?xml version="1.0" encoding="UTF-8" ?>
<collection xmlns:xsi="http://www.w3.org/2001/XMLSchema-instance" xsi:schemaLocation="http://www.loc.gov/MARC21/slim http://www.loc.gov/standards/marcxml/schema/MARC21slim.xsd" xmlns="http://www.loc.gov/MARC21/slim">
   <record>
      <leader>     cam a22      a 4500</leader>
      <controlfield tag="001">6157565</controlfield>
      <controlfield tag="003">COO</controlfield>
      <controlfield tag="005">20130809170306.0</controlfield>
      <controlfield tag="008">940411s1962    sy            000 0 ara d</controlfield>
      <datafield tag="010" ind1=" " ind2=" ">
         <subfield code="a">ne 65000239 </subfield>
      </datafield>
      <datafield tag="035" ind1=" " ind2=" ">
         <subfield code="a">6157565</subfield>
      </datafield>
      <datafield tag="035" ind1=" " ind2=" ">
         <subfield code="a">(OCoLC)30117239</subfield>
      </datafield>
      <datafield tag="040" ind1=" " ind2=" ">
         <subfield code="a">Princeton Univ. Libr.</subfield>
         <subfield code="c">CUY</subfield>
         <subfield code="d">CUY</subfield>
         <subfield code="d">OCLCQ</subfield>
         <subfield code="d">TEF</subfield>
         <subfield code="d">NIC</subfield>
      </datafield>
      <datafield tag="090" ind1=" " ind2=" ">
         <subfield code="a">PJ7866.J3</subfield>
         <subfield code="b">M3 1962</subfield>
      </datafield>
      <datafield tag="100" ind1="1" ind2=" ">
         <subfield code="a">ʻUjaylī, ʻAbd al-Salām,</subfield>
         <subfield code="d">1917-</subfield>
      </datafield>
      <datafield tag="245" ind1="1" ind2="3">
         <subfield code="a">al-Maqāmāt /</subfield>
         <subfield code="c">ʻAbd al-Salām al-ʻUjaylī.</subfield>
      </datafield>
      <datafield tag="260" ind1=" " ind2=" ">
         <subfield code="a">[Damascus :</subfield>
         <subfield code="b">s.n. ;</subfield>
         <subfield code="c">1962]</subfield>
      </datafield>
      <datafield tag="300" ind1=" " ind2=" ">
         <subfield code="a">96 p.</subfield>
         <subfield code="c">20 cm.</subfield>
      </datafield>
      <datafield tag="948" ind1="0" ind2=" ">
         <subfield code="a">20071109</subfield>
         <subfield code="b">i</subfield>
         <subfield code="d">ah16</subfield>
         <subfield code="e">cts</subfield>
      </datafield>
      <datafield tag="948" ind1="1" ind2=" ">
         <subfield code="a">20071109</subfield>
         <subfield code="b">c</subfield>
         <subfield code="d">ah16</subfield>
         <subfield code="e">cts</subfield>
      </datafield>
      <datafield tag="948" ind1="2" ind2=" ">
         <subfield code="a">20100908</subfield>
         <subfield code="b">m</subfield>
         <subfield code="d">batch</subfield>
         <subfield code="e">lts</subfield>
         <subfield code="x">del9XXtxt</subfield>
      </datafield>
      <datafield tag="995" ind1=" " ind2=" ">
         <subfield code="a">Hivolm</subfield>
         <subfield code="d">20100908</subfield>
      </datafield>
      <datafield tag="903" ind1=" " ind2=" ">
         <subfield code="a">NYUACO</subfield>
         <subfield code="d">20131119</subfield>
         <subfield code="p">31924104626480</subfield>
      </datafield>
      <datafield tag="950" ind1=" " ind2=" ">
         <subfield code="a">PJ7866.J3</subfield>
         <subfield code="b">M3 1962</subfield>
         <subfield code="v"> </subfield>
      </datafield>
   </record>
</collection>
